@article{wojciech,
  author          = {Wojciech Urbanek},
  title           = {Jakiś tekst…},
  year            = {2020}
}
@article{none,
  author          = {unnone},
  title           = {Krótki tekst na temat Internetu},
  year            = {2020}
}

@book{anna,
  author = {Anna Górna},
  year = {2022},
  title = {Kraina złotych kłamstw},
  publisher = {Czwarta Stronal}
}

@conference{stanisław,
  author          = {Stanisław Koziej},
  title           = {GRUPA WYSZEHRADZKA A BEZPIECZEŃSTWO POLSK},
  year            = {2018}
}

@unpublished{mg94,
  author = {Grzegorz W. Kołodko},
  title  = {Ekonomia nowego pragmatyzmu: tożsamość, cele, metoda},
  year   = {2019}
}
@manual{karol,
  author       = {Karol },
  title        = {RAPORT TECHNICZNY - 20210222 12:00 
Waniliowe Zacisze}
}
